<?xml version="1.0" encoding="UTF-8"?><collection xmlns="http://www.loc.gov/MARC21/slim"><record><leader>00537nam--2200181-u-4500</leader><controlfield tag="001">000054094</controlfield><controlfield tag="002">20161230</controlfield><controlfield tag="005">20161230201051</controlfield><controlfield tag="008">110802s1000------------r-----000-0-fre-d</controlfield><datafield ind1=" " ind2=" " tag="040"><subfield code="a">IFIN-HH</subfield></datafield><datafield ind1=" " ind2=" " tag="041"><subfield code="a">fre</subfield></datafield><datafield ind1=" " ind2=" " tag="080"><subfield code="a">537.222.22(043)</subfield></datafield><datafield ind1="1" ind2=" " tag="100"><subfield code="a">Martinez, Gerard</subfield></datafield><datafield ind1="1" ind2="0" tag="245"><subfield code="a">CONTRIBUTION A L'ETUDE DE LINVERSION DES BANDES DE VALENCE ET DE CONDUCTION DES SEMICONDUCTEURS Pb1-xSnxSe</subfield><subfield code="b">These</subfield><subfield code="c">Gerard martinez</subfield></datafield><datafield ind1=" " ind2=" " tag="260"><subfield code="a">Paris</subfield><subfield code="b">Universite</subfield><subfield code="c">1972</subfield></datafield><datafield ind1=" " ind2=" " tag="300"><subfield code="a">95P</subfield></datafield><datafield ind1=" " ind2=" " tag="852"><subfield code="a">78003</subfield><subfield code="c">537.311.33</subfield></datafield><datafield ind1=" " ind2=" " tag="CAT"><subfield code="a">Sys</subfield><subfield code="c">20110802</subfield><subfield code="h">141858</subfield></datafield></record></collection>